@misc{tan2020efficientnet,
      title={EfficientNet: Rethinking Model Scaling for Convolutional Neural Networks}, 
      author={Mingxing Tan and Quoc V. Le},
      year={2020},
      eprint={1905.11946},
      archivePrefix={arXiv},
      primaryClass={cs.LG}
}

@misc{machinelearningmasterytransferlearning,
	title={A Gentle Introduction to Transfer Learning for Deep Learning},
	author={Jason Brownlee},
	year={2017},
	url={https://machinelearningmastery.com/transfer-learning-for-deep-learning/}
}

@misc{cs231n,
	title={CS231n: Convolutional Neural Networks for Visual Recognition: Transfer Learning},
	author={Stanford CS class CS231n: Convolutional Neural Networks for Visual Recognition},
	url={https://cs231n.github.io/transfer-learning/}
}

@misc{machinelearningcobanforumtransferlearningsota,
	title={Tổng hợp Transfer Learning: Transfer Learning: A Comprehensive Review},
	year={2019},
	author={ngcthuong}
	url={https://forum.machinelearningcoban.com/t/tong-hop-transfer-learning/5388}
}

@misc{soluocvetransferlearning, 
	title={Sơ lược về Transfer Learning},
	author={Deep Learning Application},
	url={https://dlapplications.github.io/2018-07-15-Transfer-Learning-Basic/}
}

@misc{deeplearningcobantransferlearning,
	title={Bài 9: Transfer learning và data augmentation},
	author={Nguyễn Thanh Tuấn (nttuan)},
	url={https://nttuan8.com/bai-9-transfer-learning-va-data-augmentation/},
	year={2019}
}

@misc{vibloefficientnet,
	title={EfficientNet: Cách tiếp cận mới về Model Scaling cho Convolutional Neural Networks},
	author={Trần Đức Trung},
	year={2020}, 
	url={https://viblo.asia/p/efficientnet-cach-tiep-can-moi-ve-model-scaling-cho-convolutional-neural-networks-Qbq5QQzm5D8}
}

@misc{he2015deep,
      title={Deep Residual Learning for Image Recognition}, 
      author={Kaiming He and Xiangyu Zhang and Shaoqing Ren and Jian Sun},
      year={2015},
      eprint={1512.03385},
      archivePrefix={arXiv},
      primaryClass={cs.CV}
}

@misc{vibloresnet,
	title={Giới thiệu mạng ResNet},
	author={To Duc Thang},
	year={2020}, 
	url={https://viblo.asia/p/gioi-thieu-mang-resnet-vyDZOa7R5wj}
}

@misc{damminhvaohocsaumangphadu,
	title={Đắm mình vào học sâu - Phiên bản tiếng Việt: Chương 7: Mạng Nơ-ron Tích chập Hiện đại: Phần 7.6 Mạng phần dư (ResNet)},
	url={https://d2l.aivivn.com/chapter_convolutional-modern/resnet_vn.html},
	author={Đoàn Võ Duy Thanh, Nguyễn Văn Quang, Nguyễn Cảnh Thướng, Lê Khắc Hồng Phúc, Nguyễn Văn Cường, Nguyễn Đình Nam, Phạm Minh Đức, Phạm Hồng Vinh}
}

@misc{towarddatasciencerestnetanditsvariants,
	title={An Overview of ResNet and its Variants},
	author={Vincent Feng},
	year={2017}, 
	url={https://towardsdatascience.com/an-overview-of-resnet-and-its-variants-5281e2f56035}
}

@misc{towarddatascienceintroduction2resnet,
	title={Introduction to ResNets},
	author={Connor Shorten},
	year={2019}, 
	url={https://towardsdatascience.com/introduction-to-resnets-c0a830a288a4}
}

@misc{machinelearningmasteryintroduction2kfold,
	title={A Gentle Introduction to k-fold Cross-Validation},
	url={https://machinelearningmastery.com/k-fold-cross-validation/},
	year={2018},
	author={Jason Brownlee}
}

@misc{machinelearningmasteryconfigurationkfold,
	title={How to Configure k-Fold Cross-Validation},
	url={https://machinelearningmastery.com/how-to-configure-k-fold-cross-validation/},
	year={2018},
	author={Jason Brownlee}
}

@misc{machinelearningmasteryloocvevaluatingmlalgorithms,
	title={LOOCV for Evaluating Machine Learning Algorithms},
	url={https://machinelearningmastery.com/loocv-for-evaluating-machine-learning-algorithms/},
	year={2020},
	author={Jason Brownlee}
}

@misc{machinelearningmasterynestedcrossvalidation,
	title={Nested Cross-Validation for Machine Learning with Python},
	url={https://machinelearningmastery.com/nested-cross-validation-for-machine-learning-with-python/},
	year={2020},
	author={Jason Brownlee}
}

@misc{machinelearningmasteryrepeatedkfoldcrossvalidation,
	title={Repeated k-Fold Cross-Validation for Model Evaluation in Python},
	url={https://machinelearningmastery.com/repeated-k-fold-cross-validation-with-python/},
	year={2020},
	author={Jason Brownlee}
}

@misc{machinelearningmasteryfixkfoldcrossvalidationimabalancedclassifcation,
	title={How to Fix k-Fold Cross-Validation for Imbalanced Classification},
	url={https://machinelearningmastery.com/cross-validation-for-imbalanced-classification/},
	year={2020},
	author={Jason Brownlee}
}

@misc{machinelearningmasterytraintestsplitforeval,
	title={Train-Test Split for Evaluating Machine Learning Algorithms},
	url={https://machinelearningmastery.com/train-test-split-for-evaluating-machine-learning-algorithms/},
	year={2020},
	author={Jason Brownlee}
}




















